@misc{moores_law,
  title={Cramming more components onto integrated circuits},
  author={Moore, Gordon E and others},
  year={1965},
  publisher={McGraw-Hill New York, NY, USA}
}

@article{free_lunch_over,
  title={The free lunch is over: A fundamental turn toward concurrency in software},
  author={Sutter, Herb},
  journal={Dr. Dobbâ€™s Journal},
  volume={30},
  number={3},
  pages={202--210},
  year={2005}
}

@inproceedings{auto_par,
  title={Towards a holistic approach to auto-parallelization: integrating profile-driven parallelism detection and machine-learning based mapping},
  author={Tournavitis, Georgios and Wang, Zheng and Franke, Bj{\"o}rn and O'Boyle, Michael FP},
  booktitle={ACM Sigplan Notices},
  volume={44},
  number={6},
  pages={177--187},
  year={2009},
  organization={ACM}
}
